<?xml version="1.0" encoding="UTF-8" ?><collection><record><leader>     cim a22004091i 4500</leader><controlfield tag="006">m|||||o||h||||||||</controlfield><controlfield tag="007">cr ||a||||||||</controlfield><controlfield tag="007">sr |||||||||ed</controlfield><controlfield tag="008">      s        nz nnnn o      t  n eng  </controlfield><datafield tag="040" ind1="" ind2=""><subfield code="a">Nz</subfield><subfield code="b">eng</subfield><subfield code="e">rda</subfield><subfield code="c">Nz</subfield></datafield><datafield tag="042" ind1="" ind2=""><subfield code="a">nznb</subfield></datafield><datafield tag="043" ind1="" ind2=""><subfield code="a">u-nz---</subfield></datafield><datafield ind1="0" ind2="0" tag="245"><subfield code="a">&lt;title&gt;DOC TEST TEMPLATE 111</subfield></datafield><datafield ind1=" " ind2="1" tag="264"><subfield code="a">[Wellington] :</subfield><subfield code="b">Department of Conservation,</subfield><subfield code="c">[&lt;year&gt;]</subfield></datafield><datafield ind1=" " ind2=" " tag="300"><subfield code="a">1 online resource (1 audio file)</subfield></datafield><datafield ind1=" " ind2=" " tag="336"><subfield code="a">spoken word</subfield><subfield code="2">rdacontent</subfield></datafield><datafield ind1=" " ind2=" " tag="337"><subfield code="a">computer</subfield><subfield code="2">rdamedia</subfield></datafield><datafield ind1=" " ind2=" " tag="338"><subfield code="a">online resource</subfield><subfield code="2">rdacarrier</subfield></datafield><datafield ind1=" " ind2=" " tag="344"><subfield code="a">digital</subfield><subfield code="2">rdatr</subfield></datafield><datafield ind1="1" ind2=" " tag="490"><subfield code="a">DOC sounds of science podcast,</subfield><subfield code="x">[2744-5909] ;</subfield><subfield code="v">Episode &lt;number&gt;</subfield></datafield><datafield ind1=" " ind2=" " tag="500"><subfield code="a">Converted from audio files to streaming audio format.</subfield><subfield code="5">Nz</subfield></datafield><datafield ind1=" " ind2=" " tag="520"><subfield code="a">"&lt;summary&gt;"--RSS feed.</subfield></datafield><datafield ind1=" " ind2=" " tag="540"><subfield code="a">Licensed under Creative Commons Attribution 4.0 International (CC BY 4.0)</subfield><subfield code="u">https://creativecommons.org/licenses/by/4.0/</subfield></datafield><datafield ind1=" " ind2=" " tag="588"><subfield code="a">Record automatically derived from RSS feed.</subfield><subfield code="5">Nz</subfield></datafield><datafield ind1=" " ind2="0" tag="650"><subfield code="a">Endangered species</subfield><subfield code="z">New Zealand.</subfield></datafield><datafield ind1=" " ind2="7" tag="655"><subfield code="a">Podcasts.</subfield><subfield code="2">lcgft</subfield></datafield><datafield ind1="1" ind2=" " tag="700"><subfield code="a">Wilkinson, Erica,</subfield><subfield code="e">interviewer.</subfield></datafield><datafield ind1="1" ind2=" " tag="710"><subfield code="a">New Zealand.</subfield><subfield code="b">Department of Conservation,</subfield><subfield code="e">issuing body.</subfield></datafield><datafield ind1="1" ind2=" " tag="800"><subfield code="a">Wilkinson, Erica.</subfield><subfield code="t">DOC sounds of science podcast ;</subfield><subfield code="v">episode &lt;number&gt;.</subfield></datafield><datafield ind1="4" ind2="0" tag="856"><subfield code="u">&lt;insert URL&gt;</subfield></datafield><datafield ind1="4" ind2="2" tag="856"><subfield code="3">File host</subfield><subfield code="u">&lt;insert page URL&gt;</subfield></datafield><datafield ind1=" " ind2=" " tag="901"><subfield code="a">MGR</subfield></datafield></record></collection>